PokerStars Home Game Hand #222625156752: {DaPokaStars}  Hold'em No Limit (50/100) - 2021/01/14 16:19:45 ET
Table 'asdfasdf' 9-max (Play Money) Seat #9 is the button
Seat 5: appositive (6007 in chips) 
Seat 7: Manon541 (10000 in chips) 
Seat 8: HighCardJasper (3027 in chips) 
Seat 9: JeBoyDirk (16382 in chips) 
appositive: posts small blind 50
Manon541: posts big blind 100
*** HOLE CARDS ***
Dealt to Manon541 [6h Jh]
HighCardJasper has timed out
HighCardJasper: folds 
JeBoyDirk: raises 100 to 200
appositive: folds 
Manon541: calls 100
*** FLOP *** [Th 9c 3h]
Manon541: checks 
JeBoyDirk: bets 100
Manon541: raises 100 to 200
JeBoyDirk: raises 100 to 300
Manon541: calls 100
*** TURN *** [Th 9c 3h] [9h]
Manon541: checks 
JeBoyDirk: bets 200
Manon541: raises 200 to 400
JeBoyDirk: raises 200 to 600
Manon541: raises 200 to 800
JeBoyDirk: raises 200 to 1000
Manon541: calls 200
*** RIVER *** [Th 9c 3h 9h] [Qh]
Manon541: checks 
JeBoyDirk: bets 1000
Manon541: folds 
Uncalled bet (1000) returned to JeBoyDirk
JeBoyDirk collected 2882 from pot
*** SUMMARY ***
Total pot 3050 | Rake 168 
Board [Th 9c 3h 9h Qh]
Seat 5: appositive (small blind) folded before Flop
Seat 7: Manon541 (big blind) folded on the River
Seat 8: HighCardJasper folded before Flop (didn't bet)
Seat 9: JeBoyDirk (button) collected (2882)



PokerStars Home Game Hand #222625232665: {DaPokaStars}  Hold'em No Limit (50/100) - 2021/01/14 16:21:17 ET
Table 'asdfasdf' 9-max (Play Money) Seat #5 is the button
Seat 2: dhduncan (16300 in chips) 
Seat 5: appositive (5957 in chips) 
Seat 7: Manon541 (8500 in chips) 
Seat 9: JeBoyDirk (17764 in chips) 
Manon541: posts small blind 50
JeBoyDirk: posts big blind 100
dhduncan: posts small blind 50
*** HOLE CARDS ***
Dealt to Manon541 [8s Td]
dhduncan: calls 100
appositive: calls 100
Manon541: calls 50
JeBoyDirk: checks 
*** FLOP *** [Kh Jc 3c]
Manon541 has timed out
Manon541: checks 
JeBoyDirk has timed out
JeBoyDirk: checks 
dhduncan: checks 
appositive: bets 212
Manon541: folds 
JeBoyDirk has timed out
JeBoyDirk: folds 
dhduncan: folds 
Uncalled bet (212) returned to appositive
appositive collected 425 from pot
appositive: doesn't show hand 
*** SUMMARY ***
Total pot 450 | Rake 25 
Board [Kh Jc 3c]
Seat 2: dhduncan folded on the Flop
Seat 5: appositive (button) collected (425)
Seat 7: Manon541 (small blind) folded on the Flop
Seat 9: JeBoyDirk (big blind) folded on the Flop



PokerStars Home Game Hand #222625300605: {DaPokaStars}  Hold'em No Limit (50/100) - 2021/01/14 16:22:39 ET
Table 'asdfasdf' 9-max (Play Money) Seat #7 is the button
Seat 2: dhduncan (16150 in chips) 
Seat 5: appositive (6282 in chips) 
Seat 7: Manon541 (8400 in chips) 
dhduncan: posts small blind 50
appositive: posts big blind 100
*** HOLE CARDS ***
Dealt to Manon541 [9c 3c]
Manon541: folds 
dhduncan: folds 
Uncalled bet (50) returned to appositive
appositive collected 100 from pot
appositive: doesn't show hand 
*** SUMMARY ***
Total pot 100 | Rake 0 
Seat 2: dhduncan (small blind) folded before Flop
Seat 5: appositive (big blind) collected (100)
Seat 7: Manon541 (button) folded before Flop (didn't bet)



PokerStars Home Game Hand #222625315277: {DaPokaStars}  Hold'em No Limit (50/100) - 2021/01/14 16:22:57 ET
Table 'asdfasdf' 9-max (Play Money) Seat #2 is the button
Seat 1: MnnM150 (4548 in chips) 
Seat 2: dhduncan (16100 in chips) 
Seat 5: appositive (6332 in chips) 
Seat 7: Manon541 (8400 in chips) 
Seat 8: HighCardJasper (3027 in chips) 
Seat 9: JeBoyDirk (17664 in chips) 
appositive: posts small blind 50
Manon541: posts big blind 100
HighCardJasper: posts small & big blinds 150
JeBoyDirk: posts small blind 50
MnnM150: posts small & big blinds 150
*** HOLE CARDS ***
Dealt to Manon541 [5d 7d]
HighCardJasper: checks 
JeBoyDirk: calls 100
MnnM150: checks 
dhduncan: folds 
appositive: calls 50
Manon541: checks 
*** FLOP *** [5h Kd 9h]
appositive: checks 
Manon541: checks 
HighCardJasper: checks 
JeBoyDirk: checks 
MnnM150: checks 
*** TURN *** [5h Kd 9h] [Qs]
appositive: checks 
Manon541: checks 
HighCardJasper: checks 
JeBoyDirk: checks 
MnnM150: checks 
*** RIVER *** [5h Kd 9h Qs] [Kh]
appositive: checks 
Manon541: checks 
HighCardJasper: checks 
JeBoyDirk: checks 
MnnM150: checks 
*** SHOW DOWN ***
appositive: shows [6s 4c] (a pair of Kings)
Manon541: shows [5d 7d] (two pair, Kings and Fives)
HighCardJasper: mucks hand 
JeBoyDirk: shows [3h 2h] (a flush, King high)
MnnM150: mucks hand 
JeBoyDirk collected 614 from pot
*** SUMMARY ***
Total pot 650 | Rake 36 
Board [5h Kd 9h Qs Kh]
Seat 1: MnnM150 mucked [Ac Tc]
Seat 2: dhduncan (button) folded before Flop (didn't bet)
Seat 5: appositive (small blind) showed [6s 4c] and lost with a pair of Kings
Seat 7: Manon541 (big blind) showed [5d 7d] and lost with two pair, Kings and Fives
Seat 8: HighCardJasper mucked [6d 8s]
Seat 9: JeBoyDirk showed [3h 2h] and won (614) with a flush, King high



PokerStars Home Game Hand #222625369588: {DaPokaStars}  Hold'em No Limit (50/100) - 2021/01/14 16:24:04 ET
Table 'asdfasdf' 9-max (Play Money) Seat #5 is the button
Seat 1: MnnM150 (4398 in chips) 
Seat 2: dhduncan (16100 in chips) 
Seat 5: appositive (6232 in chips) 
Seat 7: Manon541 (8300 in chips) 
Seat 8: HighCardJasper (2877 in chips) 
Seat 9: JeBoyDirk (18128 in chips) 
Manon541: posts small blind 50
HighCardJasper: posts big blind 100
*** HOLE CARDS ***
Dealt to Manon541 [4s 2c]
JeBoyDirk: folds 
MnnM150: folds 
dhduncan: calls 100
appositive: calls 100
Manon541: calls 50
HighCardJasper: checks 
*** FLOP *** [Th Jh Jd]
Manon541: checks 
HighCardJasper: checks 
dhduncan: checks 
appositive: checks 
*** TURN *** [Th Jh Jd] [5s]
Manon541: checks 
HighCardJasper: bets 200
dhduncan: folds 
appositive: folds 
Manon541: folds 
Uncalled bet (200) returned to HighCardJasper
HighCardJasper collected 378 from pot
HighCardJasper: doesn't show hand 
*** SUMMARY ***
Total pot 400 | Rake 22 
Board [Th Jh Jd 5s]
Seat 1: MnnM150 folded before Flop (didn't bet)
Seat 2: dhduncan folded on the Turn
Seat 5: appositive (button) folded on the Turn
Seat 7: Manon541 (small blind) folded on the Turn
Seat 8: HighCardJasper (big blind) collected (378)
Seat 9: JeBoyDirk folded before Flop (didn't bet)



PokerStars Home Game Hand #222625415439: {DaPokaStars}  Hold'em No Limit (50/100) - 2021/01/14 16:24:56 ET
Table 'asdfasdf' 9-max (Play Money) Seat #7 is the button
Seat 1: MnnM150 (4398 in chips) 
Seat 2: dhduncan (16000 in chips) 
Seat 5: appositive (6132 in chips) 
Seat 7: Manon541 (8200 in chips) 
Seat 8: HighCardJasper (3155 in chips) 
Seat 9: JeBoyDirk (18128 in chips) 
HighCardJasper: posts small blind 50
JeBoyDirk: posts big blind 100
*** HOLE CARDS ***
Dealt to Manon541 [5h Js]
MnnM150: folds 
dhduncan: folds 
appositive: calls 100
Manon541: folds 
HighCardJasper: calls 50
JeBoyDirk: checks 
*** FLOP *** [Kh Td 3h]
HighCardJasper: checks 
JeBoyDirk: checks 
appositive: bets 283
HighCardJasper: folds 
JeBoyDirk: folds 
Uncalled bet (283) returned to appositive
appositive collected 283 from pot
appositive: doesn't show hand 
*** SUMMARY ***
Total pot 300 | Rake 17 
Board [Kh Td 3h]
Seat 1: MnnM150 folded before Flop (didn't bet)
Seat 2: dhduncan folded before Flop (didn't bet)
Seat 5: appositive collected (283)
Seat 7: Manon541 (button) folded before Flop (didn't bet)
Seat 8: HighCardJasper (small blind) folded on the Flop
Seat 9: JeBoyDirk (big blind) folded on the Flop



PokerStars Home Game Hand #222625442747: {DaPokaStars}  Hold'em No Limit (50/100) - 2021/01/14 16:25:29 ET
Table 'asdfasdf' 9-max (Play Money) Seat #8 is the button
Seat 1: MnnM150 (4398 in chips) 
Seat 2: dhduncan (16000 in chips) 
Seat 5: appositive (6315 in chips) 
Seat 7: Manon541 (8200 in chips) 
Seat 8: HighCardJasper (3055 in chips) 
Seat 9: JeBoyDirk (18028 in chips) 
JeBoyDirk: posts small blind 50
MnnM150: posts big blind 100
*** HOLE CARDS ***
Dealt to Manon541 [Ks 9s]
dhduncan: calls 100
appositive: calls 100
Manon541: calls 100
HighCardJasper: folds 
JeBoyDirk: calls 50
MnnM150: checks 
*** FLOP *** [Ah 9c 6s]
JeBoyDirk: checks 
MnnM150: bets 100
dhduncan: calls 100
appositive: calls 100
Manon541: calls 100
JeBoyDirk: calls 100
*** TURN *** [Ah 9c 6s] [Kh]
JeBoyDirk: checks 
MnnM150: bets 472
dhduncan: calls 472
appositive: calls 472
Manon541: raises 1528 to 2000
JeBoyDirk: folds 
MnnM150: folds 
dhduncan: folds 
appositive: folds 
Uncalled bet (1528) returned to Manon541
Manon541 collected 2729 from pot
*** SUMMARY ***
Total pot 2888 | Rake 159 
Board [Ah 9c 6s Kh]
Seat 1: MnnM150 (big blind) folded on the Turn
Seat 2: dhduncan folded on the Turn
Seat 5: appositive folded on the Turn
Seat 7: Manon541 collected (2729)
Seat 8: HighCardJasper (button) folded before Flop (didn't bet)
Seat 9: JeBoyDirk (small blind) folded on the Turn



PokerStars Home Game Hand #222625497605: {DaPokaStars}  Hold'em No Limit (50/100) - 2021/01/14 16:26:37 ET
Table 'asdfasdf' 9-max (Play Money) Seat #9 is the button
Seat 1: MnnM150 (3726 in chips) 
Seat 2: dhduncan (15328 in chips) 
Seat 5: appositive (5643 in chips) 
Seat 7: Manon541 (10257 in chips) 
Seat 8: HighCardJasper (3055 in chips) 
Seat 9: JeBoyDirk (17828 in chips) 
MnnM150: posts small blind 50
dhduncan: posts big blind 100
*** HOLE CARDS ***
Dealt to Manon541 [7d 9d]
appositive: folds 
Manon541: calls 100
HighCardJasper: calls 100
JeBoyDirk: calls 100
MnnM150: calls 50
dhduncan: checks 
*** FLOP *** [2h 5c 4s]
MnnM150: checks 
dhduncan: checks 
Manon541: checks 
HighCardJasper: checks 
JeBoyDirk: checks 
*** TURN *** [2h 5c 4s] [5h]
MnnM150: checks 
dhduncan: checks 
Manon541: checks 
HighCardJasper: checks 
JeBoyDirk: checks 
*** RIVER *** [2h 5c 4s 5h] [3h]
MnnM150: checks 
dhduncan: checks 
Manon541: checks 
HighCardJasper: checks 
JeBoyDirk: checks 
*** SHOW DOWN ***
MnnM150: shows [9s As] (a straight, Ace to Five)
dhduncan: mucks hand 
Manon541: mucks hand 
HighCardJasper: mucks hand 
JeBoyDirk: shows [Ah 9c] (a straight, Ace to Five)
MnnM150 collected 236 from pot
JeBoyDirk collected 236 from pot
*** SUMMARY ***
Total pot 500 | Rake 28 
Board [2h 5c 4s 5h 3h]
Seat 1: MnnM150 (small blind) showed [9s As] and won (236) with a straight, Ace to Five
Seat 2: dhduncan (big blind) mucked [Ts 5s]
Seat 5: appositive folded before Flop (didn't bet)
Seat 7: Manon541 mucked [7d 9d]
Seat 8: HighCardJasper mucked [2s 8s]
Seat 9: JeBoyDirk (button) showed [Ah 9c] and won (236) with a straight, Ace to Five



